<?xml version="1.0" encoding="UTF-8"?><collection xmlns="http://www.loc.gov/MARC21/slim"><record><leader>00414nam--2200157-i-4500</leader><controlfield tag="001">000034209</controlfield><controlfield tag="002">20161230</controlfield><controlfield tag="005">20170216155115</controlfield><controlfield tag="008">060222s1000------------r-----000-0-eng-d</controlfield><datafield ind1=" " ind2=" " tag="080"><subfield code="a">530.145.6</subfield></datafield><datafield ind1=" " ind2=" " tag="100"><subfield code="a">Mott, N.F</subfield></datafield><datafield ind1=" " ind2=" " tag="245"><subfield code="a">Elementary quantum mechanics</subfield></datafield><datafield ind1=" " ind2=" " tag="260"><subfield code="a">London, Wykeham Publ., 1972, Viii + 122p</subfield></datafield><datafield ind1=" " ind2=" " tag="490"><subfield code="a">The Wykeham Science Series</subfield></datafield><datafield ind1=" " ind2=" " tag="852"><subfield code="a">41275</subfield><subfield code="c">530.14</subfield></datafield><datafield ind1=" " ind2=" " tag="CAT"><subfield code="a">SYS</subfield><subfield code="c">20170216</subfield><subfield code="h">155115</subfield></datafield></record></collection>